<record><leader>00000cas a2200000 a 4500</leader><controlfield tag="001">3080081</controlfield><controlfield tag="008">770628d19681977okuwr ne      0    0eng d</controlfield><controlfield tag="009">541</controlfield><datafield ind1=" " ind2=" " tag="010"><subfield code="a">sn 93050491 </subfield></datafield><datafield ind1=" " ind2=" " tag="040"><subfield code="a">UCU</subfield><subfield code="b">eng</subfield><subfield code="c">UCU</subfield><subfield code="d">ANU</subfield><subfield code="d">OBN</subfield><subfield code="d">TGN</subfield><subfield code="d">OCL</subfield><subfield code="d">OCLCQ</subfield><subfield code="d">ZP2</subfield><subfield code="d">OCLCF</subfield></datafield><datafield ind1=" " ind2=" " tag="022"><subfield code="a">0009-322X</subfield></datafield><datafield ind1="1" ind2=" " tag="029"><subfield code="a">AU@</subfield><subfield code="b">000020277824</subfield></datafield><datafield ind1=" " ind2=" " tag="042"><subfield code="a">msc</subfield></datafield><datafield ind1="0" ind2="4" tag="245"><subfield code="a">The Cherokee Nation news.</subfield></datafield><datafield ind1=" " ind2=" " tag="260"><subfield code="a">Tahlequah, Cherokee County, Okla. :</subfield><subfield code="b">Cherokee Nation of Oklahoma,</subfield><subfield code="c">1968-1977</subfield></datafield><datafield ind1=" " ind2=" " tag="300"><subfield code="a">v.</subfield></datafield><datafield ind1=" " ind2=" " tag="310"><subfield code="a">Weekly</subfield></datafield><datafield ind1="0" ind2=" " tag="362"><subfield code="a">No. 68-28 (Feb. 29, 1968)-no. 68-29 (March 7, 1968) ; vol. 1, no. 1 (Mar. 15, 1968)-v. 10, no. 52 (Jan. 7, 1977).</subfield></datafield><datafield ind1=" " ind2=" " tag="500"><subfield code="a">"The official publication of the Cherokee Nation of Oklahoma."</subfield></datafield><datafield ind1=" " ind2="0" tag="650"><subfield code="a">Cherokee Indians</subfield><subfield code="z">Oklahoma</subfield><subfield code="v">Newspapers.</subfield></datafield><datafield ind1=" " ind2="0" tag="651"><subfield code="a">Tahlequah (Okla.)</subfield><subfield code="v">Newspapers.</subfield></datafield><datafield ind1=" " ind2="0" tag="651"><subfield code="a">Cherokee County (Okla.)</subfield><subfield code="v">Newspapers.</subfield></datafield><datafield ind1=" " ind2="7" tag="655"><subfield code="a">Newspapers.</subfield><subfield code="2">fast</subfield><subfield code="0">(OCoLC)fst01423814</subfield></datafield><datafield ind1=" " ind2="7" tag="650"><subfield code="a">Cherokee Indians.</subfield><subfield code="2">fast</subfield><subfield code="0">(OCoLC)fst00853662</subfield></datafield><datafield ind1=" " ind2="7" tag="651"><subfield code="a">Oklahoma.</subfield><subfield code="2">fast</subfield><subfield code="0">(OCoLC)fst01205031</subfield></datafield><datafield ind1=" " ind2="7" tag="651"><subfield code="a">Oklahoma</subfield><subfield code="z">Cherokee County.</subfield><subfield code="2">fast</subfield><subfield code="0">(OCoLC)fst01221267</subfield></datafield><datafield ind1=" " ind2="7" tag="651"><subfield code="a">Oklahoma</subfield><subfield code="z">Tahlequah.</subfield><subfield code="2">fast</subfield><subfield code="0">(OCoLC)fst01207138</subfield></datafield><datafield ind1="1" ind2=" " tag="710"><subfield code="a">Cherokee Nation.</subfield></datafield><datafield ind1=" " ind2=" " tag="752"><subfield code="a">United States</subfield><subfield code="b">Oklahoma</subfield><subfield code="c">Cherokee</subfield><subfield code="d">Tahlequah.</subfield></datafield><datafield ind1="0" ind2="0" tag="780"><subfield code="t">Cherokee Nation newsletter</subfield><subfield code="w">(DLC)sn 97065238</subfield></datafield><datafield ind1="0" ind2="7" tag="785"><subfield code="t">Cherokee voices</subfield></datafield><datafield ind1="0" ind2="7" tag="785"><subfield code="t">Cherokee advocate (Tahlequah, Okla. : 1977)</subfield><subfield code="w">(DLC)sn 89051087</subfield><subfield code="w">(OCoLC)6168829</subfield></datafield></record>